<record><leader>00000cas a22000007a 4500</leader><controlfield tag="001">18281324</controlfield><controlfield tag="008">880728d1uuu1901ohudn ne      0    0eng d</controlfield><datafield ind1=" " ind2=" " tag="010"><subfield code="a">sn 88078720 </subfield></datafield><datafield ind1=" " ind2=" " tag="040"><subfield code="a">ONP</subfield><subfield code="b">eng</subfield><subfield code="c">ONP</subfield><subfield code="d">OCLCQ</subfield></datafield><datafield ind1=" " ind2=" " tag="042"><subfield code="a">msc</subfield></datafield><datafield ind1="0" ind2=" " tag="130"><subfield code="a">Evening gazette (Lancaster, Ohio)</subfield></datafield><datafield ind1="1" ind2="4" tag="245"><subfield code="a">The Evening gazette.</subfield></datafield><datafield ind1=" " ind2=" " tag="260"><subfield code="a">Lancaster, Ohio :</subfield><subfield code="b">Gazette Print. Co.</subfield></datafield><datafield ind1=" " ind2=" " tag="310"><subfield code="a">Daily (except Sun.)</subfield></datafield><datafield ind1="1" ind2=" " tag="362"><subfield code="a">Ceased in May 1901.</subfield></datafield><datafield ind1=" " ind2=" " tag="580"><subfield code="a">Weekly ed.: Lancaster gazette (Lancaster, Ohio : 1891).</subfield></datafield><datafield ind1=" " ind2=" " tag="588"><subfield code="a">Description based on: Vol. 6, no. 75 (Jan. 1, 1901).</subfield></datafield><datafield ind1=" " ind2=" " tag="752"><subfield code="a">United States</subfield><subfield code="b">Ohio</subfield><subfield code="c">Fairfield</subfield><subfield code="d">Lancaster.</subfield></datafield><datafield ind1="1" ind2=" " tag="775"><subfield code="t">Lancaster gazette (Lancaster, Ohio : 1891)</subfield><subfield code="w">(DLC)sn 88078722</subfield></datafield><datafield ind1="0" ind2="0" tag="780"><subfield code="t">Lancaster evening gazette</subfield><subfield code="w">(DLC)sn 85042582</subfield></datafield><datafield ind1="0" ind2="0" tag="785"><subfield code="t">Lancaster daily gazette</subfield><subfield code="w">(DLC)sn 85038176</subfield></datafield></record>